
@book{rasmussenGaussianProcessesMachine2006,
  title = {Gaussian Processes for Machine Learning},
  author = {Rasmussen, Carl Edward and Williams, Christopher K. I.},
  date = {2006},
  publisher = {{MIT Press}},
  location = {{Cambridge, Mass}},
  file = {/Users/sergiusmath/Zotero/storage/JPDLE9TR/Rasmussen and Williams - 2006 - Gaussian processes for machine learning.pdf},
  isbn = {978-0-262-18253-9},
  keywords = {Data processing,Gaussian processes,Machine learning,Mathematical models},
  langid = {english},
  note = {OCLC: ocm61285753},
  pagetotal = {248},
  series = {Adaptive Computation and Machine Learning}
}


